
@article{lefloch_pde_2016,
	title = {{PDE} Modeling and Control of Electric Vehicle Fleets for Ancillary Services: A Discrete Charging Case},
	journal = {IEEE PES Transactions on Smart Grid},
	author = {Le Floch, Caroline and Kara, Emre and Moura, Scott},
	year = {2016}
}

@techreport{government_of_india_fame_2015,
	type = {Policy report},
	title = {{FAME} {India}: a scheme for {Faster} {Adoption} \& {Manufacturing} of ({Hybrid} \&) {Electric} vehicles in {India} by 2020},
	author = {Government of India, Department of Heavy Industry, Ministry of Heavy Industries \& Public Enterprises},
	year = {2015}
}

@techreport{ice_calculator_2015,
	type = {LBNL Report},
	title = {Updated value of service reliability estimates for electric utility customers in the {United} {States}},
	author = {Sullivan, Michael J and Schellenberg, Josh and Blundell, Marshall},
	year = {2015},
	number = {LBNL-6941E},
	institution = {Nexant, Inc.},
}

@inproceedings{hannisdahl_future_2013,
	title = {The future is electric! {The} {EV} revolution in {Norway} \#x2014; {Explanations} and lessons learned},
	doi = {10.1109/EVS.2013.6914921},
	booktitle = {Electric {Vehicle} {Symposium} and {Exhibition} ({EVS}27), 2013 {World}},
	author = {Hannisdahl, O.H. and Malvik, H.V. and Wensaas, G.B.},
	month = nov,
	year = {2013},
	keywords = {automobiles, Batteries, battery electric vehicles, battery powered vehicles, BEV infrastructure, Cities and towns, Denmark, Electric vehicles, European countries, EV infrastructure, EV revolution, EV technology development, Fuel cells, Germany, Government, hybrid electric vehicles, Ice, Ireland, modal shift, Norway, passenger cars, PHEV, plug-in hybrid electric vehicles, Portugal, power markets, Roads, supporting policy measures, Sweden, Vehicles},
	pages = {1--13},
	file = {IEEE Xplore Abstract Record:/Users/critter/Library/Application Support/Zotero/Profiles/s0oj2pmz.default/zotero/storage/QJKNUAB7/login.html:text/html;Norway2013.pdf:/Users/critter/Library/Application Support/Zotero/Profiles/s0oj2pmz.default/zotero/storage/4E8KNWTP/Norway2013.pdf:application/pdf}
}

@article{jansen_emissions_2010,
	title = {Emissions impacts of plug-in hybrid electric vehicle deployment on the {US} western grid},
	volume = {195},
	journal = {Journal of Power Sources},
	author = {Jansen, Karel; Tim Brown; and Samuelsen, Scott},
	year = {2010},
	pages = {5409--5416}
}

@misc{california_energy_commission_grant_2012,
	title = {Grant {Solicitation} {PON}-10-602 {Regional} {Plans} to {Support} {Plug}-{In} {Electric} {Vehicle} {Readiness}},
	url = {http://www.energy.ca.gov/contracts/PON-10-602_NOPA_revised.pdf},
	urldate = {2015-09-01},
	author = {California Energy Commission},
	month = jun,
	year = {2012}
}

